@incollection{Lae01,
  title={Grammar adaptation},
  author={L{\"a}mmel, Ralf},
  booktitle={FME 2001: Formal Methods for Increasing Software Productivity},
  pages={550--570},
  year={2001},
  publisher={Springer}
}
